@mastersthesis{van2012scrum,
  title={Scrum and knowledge creation},
  author={Daan van Etten},
  year={2011},
  school={Universiteit van Amsterdam}
}

@mastersthesis{dongen2011productivity,
  title={Productivity in Scrum: A case study},
  author={Ivo van Dongen},
  year={2011},
  school={Universiteit van Amsterdam}
}

@misc{agilemanifesto,
  author = {Beck, Kent and Beedle, Mike and van Bennekum, Arie and Cockburn, Alistair and Cunningham, Ward and Fowler, Martin and Grenning, James and Highsmith, Jim and Hunt, Andrew and Jeffries, Ron and Kern, Jon and Marick, Brian and Martin, Robert C. and Mellor, Steve and Schwaber, Ken and Sutherland, Jeff and Thomas, Dave},
  title = {Manifesto for Agile Software Development},
  url = {\url{http://www.agilemanifesto.org/}, accessed on 11/03/2012},
  year = {2001}
}
