@article{tenessentials,
 author = {Leslee Probasco},
 title = {The Ten Essentials of RUP - the Essence of an Effective Development Process},
 publisher = {Rational Software},
 year = {2000},
}

