@article{Snodgrass:1990:FGD:99278.99291,
 author = {Snodgrass, Richard and Shannon, Karen},
 title = {Fine grained data management to achieve evolution resilience in a software development environment},
 journal = {SIGSOFT Softw. Eng. Notes},
 issue_date = {Dec. 1990},
 volume = {15},
 number = {6},
 month = oct,
 year = {1990},
 issn = {0163-5948},
 pages = {144--156},
 numpages = {13},
 url = {http://doi.acm.org/10.1145/99278.99291},
 doi = {10.1145/99278.99291},
 acmid = {99291},
 publisher = {ACM},
 address = {New York, NY, USA},
}

@inproceedings{vogus2007organizational,
  title={Organizational resilience: towards a theory and research agenda},
  author={Vogus, Timothy J and Sutcliffe, Kathleen M},
  booktitle={Systems, Man and Cybernetics, 2007. ISIC. IEEE International Conference on},
  pages={3418--3422},
  year={2007},
  organization={IEEE}
}

@article{JCCM:JCCM558,
author = {Somers, Scott},
title = {Measuring Resilience Potential: An Adaptive Strategy for Organizational Crisis Planning},
journal = {Journal of Contingencies and Crisis Management},
volume = {17},
number = {1},
publisher = {Blackwell Publishing Ltd},
issn = {1468-5973},
url = {http://dx.doi.org/10.1111/j.1468-5973.2009.00558.x},
doi = {10.1111/j.1468-5973.2009.00558.x},
pages = {12--23},
year = {2009},
}
