@article{simons1995control,
  title={Control in an age of empowerment},
  author={Simons, Robert},
  journal={BUSINESS CREDIT-NEW YORK-},
  volume={97},
  pages={25--25},
  year={1995},
  publisher={NATIONAL ASSOCIATION OF CREDIT MANAGEMENT}
}

@techreport{commissie-duivesteijn,
 author = {Comissie Duivesteijn},
 title = {Onderzoek naar infrastructuurprojecten},
 institution = {Staten-Generaal van het Koninkrijk der Nederlanden},
 year = {2004},
 note = {\url{https://zoek.officielebekendmakingen.nl/kst-29283-6.html}},
}
