http://www.rekenkamer.nl/Publicaties/Onderzoeksrapporten/Introducties/2000/06/Beleidsinformatie_Betuweroute, 5/3/2012

http://www.parlement.com/id/vhnnmt7jydze/parlementair_onderzoek, 5/3/2012

@misc{betuweinfo,
 author = {Rijksoverheid},
 title = {Betuweroute},
 note = {\url{http://www.rijksoverheid.nl/onderwerpen/goederenvervoer-per-spoor/betuweroute}, accessed on 05/03/2012}
}


@techreport{beleidsinformatie-betuweroute,
 author = {{Algemene Rekenkamer}},
 title = {Beleidsinformatie Betuweroute},
 institution = {Rijksoverheid},
 year = {2000},
 note = {\url{http://www.rekenkamer.nl/Publicaties/Onderzoeksrapporten/Introducties/2000/06/Beleidsinformatie_Betuweroute}},
}

@techreport{commissie-duivesteijn,
 author = {Comissie Duivesteijn},
 title = {Onderzoek naar infrastructuurprojecten},
 institution = {Staten-Generaal van het Koninkrijk der Nederlanden},
 year = {2004},
 note = {\url{https://zoek.officielebekendmakingen.nl/kst-29283-6.html}},
}

@misc{folia,
 author={{Folaia}},
 title = {jaargang 56, 27-06-2003},
 note = {\url{http://www.folia.nl/archief/Folia\%20jaargang\%2056/Folia39_56.pdf}}
}

%% Een vandaag
@misc{eenvandaag,
 author={{Een vandaag}},
 title = {Manipulatie van onderzoeksrapporten},
 note = {\url{http://www.eenvandaag.nl/binnenland/36226/manipulatie_van_onderzoeksrapporten}, [15.10 - 25.33]}
}

Grote bouwwerken vaak duurder uit. Volgens onderzoek aan TU Delft (ref: xxx) voornaamelijk door ambities bestuurders. Zij manipuleren cijfers om zin door te drijven. Nadelen worden onderschat, positieve kanten benadrukt.

Arnold Heertje: Enorme belangen.
Adri Duivesteijn: Oplossing, daarna pas bewijzen. Verkeerd om.

Jan anne annema : Overheid willen project graag uitvoeren. Veranderen onderzoek door baten te overschatten en kosten te onderschatten. Optimism bias [kahneman]

Betuwelijn: 1.1 begroot, kostte 4.7

Arnold: Eigen onderzoek gemanipuleerd. Samen met Jaap Polak: haalbaarheidsonderzoek betuwelijn.
Notitie gemaakt om culturele + natuurlijke vernietigingen. Notitie moest van ministerie eruit worden gehaald. Ze trokken zich terug van het onderzoek.

Arnold: Adviesbureaus zijn niet onafhankelijk. Ze praten overheden naar de mond. Concessies gedaan in de loop der tijd om opdrachten te kunnen blijven krijgen/houden. 

Adri: Externe bureaus richten zich op opdrachtgever. Is een patroon.

Theo kamps: (directeur berenschot): Niet onze schuld, niet waar. We kunnen het ons niet veroorloven. 

Kamps: Als het besluit is genomen, door overheid, gemeenteraad, ..., dan moet extern bureau van rol veranderen. We moeten dan de keuze realiseren, niet kritisch bekijken. 

Arnold: Bestuurders verantwoordelijk (gedeputeerden, wethouders, gemeentes, ...). Klimaat dat ze denken goede dingen doen, maar private partijen gaan met ze aan de haal. "Ze zijn niet in  de wieg gelegd voor onderhandelingen over dit soort zaken".

Hoe kunnen deze kokervisies worden voorkomen? Controleurs moeten beter opletten. Arnold: ze slapen. Gebrek aan overzicht en kennis. Men gaat met de stroom mee. Er worden ook geen lessen geleerd. Er worden geen nieuwe controlemechanismes ingesteld.

Jan: Als politicus: critischer zijn. Onafhankelijke mening vormen. Realiseer dat onderzoeken worden verdraaid en strategisch ingezet. 

Adri: Controleurs: meer mogelijk tot onafhankelijk onderzoek. Advies: onderzoeksbureau wat kamer helpt om informatie te objectiveren. Hiermee kunnen kamerleden zurgvuldiger worden. 
%% Einde een vandaag

@article{huys2009politics,
  title={The Politics of Evidence Based Policy-making},
  author={Huys, Menno and Annema, Jan Anne},
  year={2009},
 institute={TU Delft},
}

@article{de2012verstrikking,
  title={Verstrikking bij railinfrastructurele projecten. Strategisch gedrag van actoren als oorzaak van kostenoverschrijding en verstrikking},
  author={de Kleuver, JWW},
  year={2012}
}

@book{kahneman,
 author = {Kahneman, Daniel},
 title = {Thinking, fast and slow},
 publisher = {Farrar, Straus and Giroux},
 year = {2011},
 address = {New York},
 isbn = {9780374275631},
 pages = {175-191}
}
