@mastersthesis{van2012scrum,
  title={Scrum and knowledge creation},
  author={Daan van Etten},
  year={2011},
  school={Universiteit van Amsterdam}
}

@mastersthesis{dongen2011productivity,
  title={Productivity in Scrum: A case study},
  author={Ivo van Dongen},
  year={2011},
  school={Universiteit van Amsterdam}
}

@techreport{beleidsinformatie-betuweroute,
 author = {{Algemene Rekenkamer}},
 title = {Beleidsinformatie Betuweroute},
 institution = {Rijksoverheid},
 year = {2000},
 note = {\url{http://www.rekenkamer.nl/Publicaties/Onderzoeksrapporten/Introducties/2000/06/Beleidsinformatie_Betuweroute}},
}

@techreport{commissie-duivesteijn,
 author = {Comissie Duivesteijn},
 title = {Onderzoek naar infrastructuurprojecten},
 institution = {Staten-Generaal van het Koninkrijk der Nederlanden},
 year = {2004},
 note = {\url{https://zoek.officielebekendmakingen.nl/kst-29283-6.html}},
}

@article{de2012verstrikking,
  title={Verstrikking bij railinfrastructurele projecten. Strategisch gedrag van actoren als oorzaak van kostenoverschrijding en verstrikking},
  author={de Kleuver, JWW},
  year={2012}
}

@misc{agilemanifesto,
 title={The Agile manifesto},
 author={},
 note = {\url{x}, accessed on 11/03/2012}
