@book{makingsoftware,
 author = {Oram, Andrew},
 title = {Making software: what really works, and why we believe it},
 publisher = {O'Reilly},
 year = {2011},
 address = {FarnhamCambridge},
 isbn = {978-0596808327}
}
